%Bibliography
@Misc{scipy,
  author =    {Eric Jones and Travis Oliphant and Pearu Peterson and others},
  title =     {{SciPy}: Open source scientific tools for {Python}},
  year =      {2001--},
  url = "http://www.scipy.org/",
  note = {[Online; accessed <today>]}
}

@book{oliphant_guide_2006,
  added-at = {2014-01-19T07:05:25.000+0100},
  author = {Oliphant, Travis},
  bdsk-url-1 = {http://www.tramy.us/numpybook.pdf},
  biburl = {https://www.bibsonomy.org/bibtex/2f40296e2d792a4883b48db705291fd20/neurokernel},
  interhash = {f13bb8f9237574e5678cedd1b36c4175},
  intrahash = {f40296e2d792a4883b48db705291fd20},
  keywords = {python},
  publisher = {Trelgol Publishing},
  timestamp = {2014-01-19T07:05:25.000+0100},
  title = {Guide to {NumPy}},
  url = {http://www.tramy.us/numpybook.pdf},
  year = 2006
}

@INPROCEEDINGS{2015ICRC...34..789D,
   author = {{Donath}, A. and {Deil}, C. and {Arribas}, M.~P. and {King}, J. and 
	{Owen}, E. and {Terrier}, R. and {Reichardt}, I. and {Harris}, J. and 
	{Buehler}, R. and {Klepser}, S.},
    title = "{Gammapy: An open-source Python package for gamma-ray astronomy}",
booktitle = {34th International Cosmic Ray Conference (ICRC2015)},
     year = 2015,
   series = {International Cosmic Ray Conference},
   volume = 34,
archivePrefix = "arXiv",
   eprint = {1509.07408},
 primaryClass = "astro-ph.IM",
    month = jul,
      eid = {789},
    pages = {789},
   adsurl = {http://adsabs.harvard.edu/abs/2015ICRC...34..789D},
  adsnote = {Provided by the SAO/NASA Astrophysics Data System}
}

@ARTICLE{2015arXiv150708343V,
   author = {{Vianello}, G. and {Lauer}, R.~J. and {Younk}, P. and {Tibaldo}, L. and 
	{Burgess}, J.~M. and {Ayala}, H. and {Harding}, P. and {Hui}, M. and 
	{Omodei}, N. and {Zhou}, H.},
    title = "{The Multi-Mission Maximum Likelihood framework (3ML)}",
  journal = {ArXiv e-prints},
archivePrefix = "arXiv",
   eprint = {1507.08343},
 primaryClass = "astro-ph.HE",
 keywords = {Astrophysics - High Energy Astrophysical Phenomena, Astrophysics - Instrumentation and Methods for Astrophysics},
     year = 2015,
    month = jul,
   adsurl = {http://adsabs.harvard.edu/abs/2015arXiv150708343V},
  adsnote = {Provided by the SAO/NASA Astrophysics Data System}
}

@ARTICLE{2016A&A...593A...1K,
   author = {{Kn{\"o}dlseder}, J. and {Mayer}, M. and {Deil}, C. and {Cayrou}, J.-B. and 
	{Owen}, E. and {Kelley-Hoskins}, N. and {Lu}, C.-C. and {Buehler}, R. and 
	{Forest}, F. and {Louge}, T. and {Siejkowski}, H. and {Kosack}, K. and 
	{Gerard}, L. and {Schulz}, A. and {Martin}, P. and {Sanchez}, D. and 
	{Ohm}, S. and {Hassan}, T. and {Brau-Nogu{\'e}}, S.},
    title = "{GammaLib and ctools. A software framework for the analysis of astronomical gamma-ray data}",
  journal = {\aap},
archivePrefix = "arXiv",
   eprint = {1606.00393},
 primaryClass = "astro-ph.IM",
 keywords = {methods: data analysis, virtual observatory tools},
     year = 2016,
    month = aug,
   volume = 593,
      eid = {A1},
    pages = {A1},
      doi = {10.1051/0004-6361/201628822},
   adsurl = {http://adsabs.harvard.edu/abs/2016A%26A...593A...1K},
  adsnote = {Provided by the SAO/NASA Astrophysics Data System}
}


@ARTICLE{2013A&A...558A..33A,
   author = {{Astropy Collaboration} and {Robitaille}, T.~P. and {Tollerud}, E.~J. and 
	{Greenfield}, P. and {Droettboom}, M. and {Bray}, E. and {Aldcroft}, T. and 
	{Davis}, M. and {Ginsburg}, A. and {Price-Whelan}, A.~M. and 
	{Kerzendorf}, W.~E. and {Conley}, A. and {Crighton}, N. and 
	{Barbary}, K. and {Muna}, D. and {Ferguson}, H. and {Grollier}, F. and 
	{Parikh}, M.~M. and {Nair}, P.~H. and {Unther}, H.~M. and {Deil}, C. and 
	{Woillez}, J. and {Conseil}, S. and {Kramer}, R. and {Turner}, J.~E.~H. and 
	{Singer}, L. and {Fox}, R. and {Weaver}, B.~A. and {Zabalza}, V. and 
	{Edwards}, Z.~I. and {Azalee Bostroem}, K. and {Burke}, D.~J. and 
	{Casey}, A.~R. and {Crawford}, S.~M. and {Dencheva}, N. and 
	{Ely}, J. and {Jenness}, T. and {Labrie}, K. and {Lim}, P.~L. and 
	{Pierfederici}, F. and {Pontzen}, A. and {Ptak}, A. and {Refsdal}, B. and 
	{Servillat}, M. and {Streicher}, O.},
    title = "{Astropy: A community Python package for astronomy}",
  journal = {\aap},
archivePrefix = "arXiv",
   eprint = {1307.6212},
 primaryClass = "astro-ph.IM",
 keywords = {methods: data analysis, methods: miscellaneous, virtual observatory tools},
     year = 2013,
    month = oct,
   volume = 558,
      eid = {A33},
    pages = {A33},
      doi = {10.1051/0004-6361/201322068},
   adsurl = {http://adsabs.harvard.edu/abs/2013A%26A...558A..33A},
  adsnote = {Provided by the SAO/NASA Astrophysics Data System}
}

@article{Hunter:2007:MGE:1251563.1251845,
 author = {Hunter, John D.},
 title = {Matplotlib: A 2D Graphics Environment},
 journal = {Computing in Science and Engg.},
 issue_date = {May 2007},
 volume = {9},
 number = {3},
 month = may,
 year = {2007},
 issn = {1521-9615},
 pages = {90--95},
 numpages = {6},
 url = {https://doi.org/10.1109/MCSE.2007.55},
 doi = {10.1109/MCSE.2007.55},
 acmid = {1251845},
 publisher = {IEEE Educational Activities Department},
 address = {Piscataway, NJ, USA},
 keywords = {Python, Python, scripting languages, application development, scientific programming, application development, scientific programming, scripting languages},
} 


